% -*- coding: utf-8; -*-

@Book{Fossen,
  key = {1},
  author = {\uppercase{Fossen, H.}},
  year = {2017},
  title = {Geologia Estrutural},
  translator = {Andrade, F. R. D.},
  publisher = {Oficina de Textos},
  edition = {2a ed.},
  address = {São Paulo}
}
@MastersThesis{Guedes,
  key = {2},
  author = {\uppercase{GUEDES, I. M. G.}},
  title = {Aplicação da Modelagem Estrutural Computacional Direta na Análise da Geometria de Falhas: Exemplo da Falha de {Baixa Grande} ({Bacia Potiguar} - {NE} do {Brasil})},
  school = {Centro de Ciências Exatas e da Terra, Universidade Federal do Rio Grande do Norte},
  year = {2012},
  type = {Dissertação de Mestrado},
  address = {Natal}
}
@MastersThesis{Borges,
  key = {3},
  author = {\uppercase{Borges, B. S.}},
  title = {Mapeamento geológico-estrutural ao longo do lineamento {Bom Sucesso} na região da serra de {Ibituruna}, {MG}},
  school = {Instituto de Geociências, Universidade Federal do Rio de Janeiro},
  year = {2017},
  type = {Trabalho de Conclusão de Curso},
  address = {Rio de Janeiro}
}
@MastersThesis{Felipe,
  key = {4},
  author = {\uppercase{Felipe, V. E. S.}},
  title = {Influência do paleorelevo na segmentação da {Plataforma} {Carbonática} {Albiana}, localizada no {Alto de Badejo} ao sul da {Bacia de Campos}},
  school = {Centro de Tecnologia e Ciências, Universidade do Estado do Rio de Janeiro},
  year = {2017},
  type = {Dissertação de Mestrado},
  address = {Rio de Janeiro}
}
@Article{Muller,
  key = {5},
  author = {\uppercase{Muller, A. L.}},
  title = {{MGeo Deformer}},
  journal = {Documentação interna Tecgraf},
  year = {2020}
}
@Book{Botsch,
  key = {6},
  author = {\uppercase{Botsch, M.; Kobbelt, L.; Pauly, M.; Alliez, P.; Lévy, B.}},
  year = {2010},
  title = {Polygon mesh processing},
  publisher = {A K Peters, Ltd},
  edition = {1st},
  address = {Natick}
}
